@ARTICLE{MOD07,
   author =	 "Universidad Austral de Chile",
   title = 	 "Modelo educacional y enfoque curricular", 
   year="2007"
 }

@ARTICLE{INN11,
   author =	 "Roxana Pey Tumanoff y Sara Chauriye Batarce",
   title = 	 "INNOVACIÃ“N CURRICULAR EN LAS UNIVERSIDADES DEL CONSEJO DE RECTORES 2000-2010", 
   year="2011"
 }

